@misc{ webglwiki,
  author = "Wikipedia",
  title = "WebGL Support --- {W}ikipedia{,} The Free Encyclopedia",
  year = "2016",
  url = "https://en.wikipedia.org/wiki/WebGL#Support",
  note = "[Online; accessed 20-March-2016]"
}

@misc{ webglmdn,
  author = "Mozilla",
  title = "WebGL API",
  year = "2016",
  url = "https://developer.mozilla.org/en-US/docs/Web/API/WebGL_API",
  note = "[Online; accessed 20-March-2016]"
}

@book{ webglbook2013matsuda,
  Author = {Kouichi Matsuda and Rodger Lea},
  Title = {WebGL Programming Guide: Interactive 3D Graphics Programming with WebGL (OpenGL)},
  Publisher = {Addison-Wesley Professional},
  Year = {2013},
  ISBN = {}
}

@book{threejsbook2013dirksen,
  Author = {Jos Dirksen},
  Title = {Learning Three.js: The JavaScript 3D Library for WebGL},
  Publisher = {Packt Publishing},
  Year = {2013},
  ISBN = {}
}

@book{webglbook2014parisi,
  Author = {Tony Parisi},
  Title = {Programming 3D Applications with HTML5 and WebGL: 3D Animation and Visualization for Web Pages},
  Publisher = {O'Reilly Media},
  Year = {2014},
  ISBN = {1449362966}
}

@ebook{webglbook2012parisi,
  Author = {Tony Parisi},
  Title = {WebGL: Up and Running},
  Publisher = {O'Reilly Media},
  Year = {2012},
  ISBN = {144932357X}
}

@book{Cozzi15,
  author = {Patrick Cozzi},
  title = {{W}eb{GL} {I}nsights},
  month = {July},
  year = {2015},
  isbn = {978-1498716079},
  publisher = {CRC Press},
  note = {\url{http://www.webglinsights.com/}}
}

@misc{ glerrormsdn,
  author = "Microsoft",
  title = "GLSL errors",
  year = "2016",
  url = "https://msdn.microsoft.com/en-us/library/dn611835(v=vs.85).aspx",
  note = "[Online; accessed 20-March-2016]"
}
