 @misc{ webglwiki,
   author = "Wikipedia",
   title = "Web{GL} Support --- {W}ikipedia{,} The Free Encyclopedia",
   year = "2016",
   url = "https://en.wikipedia.org/wiki/WebGL#Support",
   note = "[Online; accessed 20-March-2016]"
}

@misc{ webglmdn,
   author = "Mozilla",
   title = "Web{GL} {API}",
   year = "2016",
   url = "https://developer.mozilla.org/en-US/docs/Web/API/WebGL_API",
   note = "[Online; accessed 20-March-2016]"
}

@book{ webglbook2013matsuda,
  Author = {Kouichi Matsuda and Rodger Lea},
  Title = {WebGL Programming Guide: Interactive 3D Graphics Programming with WebGL (OpenGL)},
  Publisher = {Addison-Wesley Professional},
  Year = {2013}
}


@book{threejsbook2013dirksen,
  Author = {Jos Dirksen},
  Title = {Learning Three.js: The JavaScript 3D Library for WebGL},
  Publisher = {Packt Publishing},
  Year = {2013}
}

@book{webglbook2014parisi,
  Author = {Tony Parisi},
  Title = {Programming 3D Applications with HTML5 and WebGL: 3D Animation and Visualization for Web Pages},
  Publisher = {O'Reilly Media},
  Year = {2014},
  ISBN = {1449362966}
}

@book{ Cozzi15,
  Author = {Patrick Cozzi},
  Title = {WebGL Insights},
  Publisher = {CRC Press},
  Year = {2015},
  ISBN = {978-1498716079},
  URL = {http://www.webglinsights.com/}
}

@ebook{webglbook2012parisi,
  Author = {Tony Parisi},
  Title = {Web{GL}: Up and Running},
  Publisher = {O'Reilly Media},
  Year = {2012},
  ISBN = {144932357X}
}


@misc{ glerrormsdn,
   author = "Microsoft",
   title = "{GLSL} errors",
   year = "2016",
   url = "https://msdn.microsoft.com/en-us/library/dn611835(v=vs.85).aspx",
   note = "[Online; accessed 20-March-2016]"
}
